<record><leader>00000cas a22000007a 4500</leader><controlfield tag="001">13912533</controlfield><controlfield tag="008">860722c198u9999fluwn ne      0   a0eng d</controlfield><datafield ind1=" " ind2=" " tag="010"><subfield code="a">sn 86010895 </subfield></datafield><datafield ind1=" " ind2=" " tag="040"><subfield code="a">NSD</subfield><subfield code="b">eng</subfield><subfield code="c">NSD</subfield><subfield code="d">NLC</subfield><subfield code="d">NSD</subfield><subfield code="d">OCLCQ</subfield></datafield><datafield ind1=" " ind2=" " tag="012"><subfield code="m">y</subfield></datafield><datafield ind1=" " ind2=" " tag="016"><subfield code="a">850354331</subfield></datafield><datafield ind1="1" ind2=" " tag="022"><subfield code="a">0889-0412</subfield><subfield code="l">0889-0412</subfield><subfield code="y">0745-8363</subfield><subfield code="2">1</subfield></datafield><datafield ind1=" " ind2=" " tag="032"><subfield code="a">696250</subfield><subfield code="b">USPS</subfield></datafield><datafield ind1=" " ind2=" " tag="042"><subfield code="a">nsdp</subfield><subfield code="a">nlc</subfield></datafield><datafield ind1="1" ind2=" " tag="082"><subfield code="a">072</subfield><subfield code="2">11</subfield></datafield><datafield ind1="0" ind2=" " tag="130"><subfield code="a">Canada news (Auburndale, Fla.)</subfield></datafield><datafield ind1=" " ind2="0" tag="222"><subfield code="a">Canada news</subfield><subfield code="b">(Auburndale, Fla.)</subfield></datafield><datafield ind1="1" ind2="0" tag="245"><subfield code="a">Canada news.</subfield></datafield><datafield ind1=" " ind2=" " tag="260"><subfield code="a">Auburndale, Fla. :</subfield><subfield code="b">St. Catherines Standard Ltd.</subfield></datafield><datafield ind1=" " ind2=" " tag="310"><subfield code="a">Weekly, (Nov. through Apr.)</subfield></datafield><datafield ind1=" " ind2=" " tag="530"><subfield code="a">Also issued on microfiche (Oakville : Ontario Community Newspapers Association).</subfield></datafield><datafield ind1=" " ind2=" " tag="550"><subfield code="a">Published: Canada news, 198--</subfield></datafield><datafield ind1=" " ind2=" " tag="588"><subfield code="a">Description based on surrogate of: Vol. 2, no. 1 (Fri., Nov. 4, 1983).</subfield></datafield><datafield ind1=" " ind2=" " tag="752"><subfield code="a">United States</subfield><subfield code="b">Florida</subfield><subfield code="c">Polk</subfield><subfield code="d">Auburndale.</subfield></datafield><datafield ind1="1" ind2=" " tag="776"><subfield code="t">Canada news (Auburndale, Fla.)</subfield><subfield code="x">0889-0412</subfield></datafield><datafield ind1="0" ind2="0" tag="780"><subfield code="t">Canada news inc.</subfield><subfield code="x">0745-8363</subfield><subfield code="w">(DLC)sn 83007781</subfield></datafield><datafield ind1="1" ind2=" " tag="029"><subfield code="a">AU@</subfield><subfield code="b">000025787422</subfield></datafield></record>